@misc{schroeder1999introduction,
  title={An introduction to thermal physics},
  author={Schroeder, Daniel V},
  year={1999},
  publisher={AAPT}
}
@book{pethick2008bose,
  title={Bose--Einstein condensation in dilute gases},
  author={Pethick, Christopher J and Smith, Henrik},
  year={2008},
  publisher={Cambridge university press}
}

@article{nguyen2017formation,
  title={Formation of matter-wave soliton trains by modulational instability},
  author={Nguyen, Jason HV and Luo, De and Hulet, Randall G},
  journal={Science},
  volume={356},
  number={6336},
  pages={422--426},
  year={2017},
  publisher={American Association for the Advancement of Science}
}
@article{bao2003numerical,
  title={Numerical solution of the Gross--Pitaevskii equation for Bose--Einstein condensation},
  author={Bao, Weizhu and Jaksch, Dieter and Markowich, Peter A},
  journal={Journal of Computational Physics},
  volume={187},
  number={1},
  pages={318--342},
  year={2003},
  publisher={Elsevier}
}
@article{bao2012mathematical,
  title={Mathematical theory and numerical methods for Bose-Einstein condensation},
  author={Bao, Weizhu and Cai, Yongyong},
  journal={arXiv preprint arXiv:1212.5341},
  year={2012}
}
@article{antoine2013computational,
  title={Computational methods for the dynamics of the nonlinear Schr{\"o}dinger/Gross--Pitaevskii equations},
  author={Antoine, Xavier and Bao, Weizhu and Besse, Christophe},
  journal={Computer Physics Communications},
  volume={184},
  number={12},
  pages={2621--2633},
  year={2013},
  publisher={Elsevier}
}

@article{chiofalo2000ground,
  title={Ground state of trapped interacting Bose-Einstein condensates by an explicit imaginary-time algorithm},
  author={Chiofalo, MARIA LUISA and Succi, Sauro and Tosi, MP},
  journal={Physical Review E},
  volume={62},
  number={5},
  pages={7438},
  year={2000},
  publisher={APS}
}
@article{muruganandam2009fortran,
  title={Fortran programs for the time-dependent Gross--Pitaevskii equation in a fully anisotropic trap},
  author={Muruganandam, Paulsamy and Adhikari, Sadhan K},
  journal={Computer Physics Communications},
  volume={180},
  number={10},
  pages={1888--1912},
  year={2009},
  publisher={Elsevier}
}

@article{bao2003ground,
  title={Ground-state solution of Bose--Einstein condensate by directly minimizing the energy functional},
  author={Bao, Weizhu and Tang, Weijun},
  journal={Journal of Computational Physics},
  volume={187},
  number={1},
  pages={230--254},
  year={2003},
  publisher={Elsevier}
}